@misc{acts,
    title={A Common Tracking Software Project}, 
    author={Xiaocong Ai and Corentin Allaire and Noemi Calace and Ang√©la Czirkos and Irina Ene and Markus Elsing and Ralf Farkas and Louis-Guillaume Gagnon and Rocky Garg and Paul Gessinger and Hadrien Grasland and Heather M. Gray and Christian Gumpert and Julia Hrdinka and Benjamin Huth and Moritz Kiehn and Fabian Klimpel and Attila Krasznahorkay and Robert Langenberg and Charles Leggett and Joana Niermann and Joseph D. Osborn and Andreas Salzburger and Bastian Schlag and Lauren Tompkins and Tomohiro Yamazaki and Beomki Yeo and Jin Zhang and Georgiana Mania and Bernadette Kolbinger and Edward Moyse and David Rousseau},
    year={2021},
    eprint={2106.13593},
    archivePrefix={arXiv},
    primaryClass={physics.ins-det},
    url={https://arxiv.org/abs/2106.13593}
}

@software{acts_v22,
    title         = {acts-project/acts: v22.0.0},
    author        = {
    Andreas Salzburger and Paul Gessinger and Fabian Klimpel and Moritz Kiehn
    and Bastian Schlag and Hadrien G. and Robert Langenberg and Corentin
    Allaire and Xiaocong Ai and Benjamin Huth and Louis-Guillaume Gagnon and
    Noemi Calace and Attila Krasznahorkay and Beomki Yeo and Charles Leggett
    and Czirkos Angela and Tomohiro Yamazaki and Joana Niermann and Irina Ene
    and Joe Osborn and Rocky Bala Garg
    },
    year          = 2022,
    month         = 12,
    publisher     = {Zenodo},
    doi           = {10.5281/zenodo.7467880},
    url           = {https://doi.org/10.5281/zenodo.7467880},
    version       = {v22.0.0}
}

@software{odd_v2,
    title         = {OpenDataDetector},
    author        = {
    Corentin Allaire and Paul Gessinger and Julia Hdrinka and Moritz Kiehn and
    Fabian Kimpel and Joana Niermann and Andreas Salzburger and Stanislava Sevova
    },
    year          = 2022,
    month         = 4,
    journal       = {Zenodo},
    doi           = {10.5281/zenodo.6445359},
    version       = {v2},
    url           = {https://doi.org/10.5281/zenodo.6445359}
}

@misc{odd_chep,
    title         = {The Open Data Detector Project},
    author        = {
    Anna Zaborowska and Andreas Salzburger and Erica Brondolin and
    Dalila Salamani and Paul Gessinger and Andreas Stefl
    },
    year          = 2023,
    url           = {https://indico.jlab.org/event/459/contributions/11546}
}

@techreport{ATL-PHYS-PUB-2015-051,
      title         = "{Early Inner Detector Tracking Performance in the 2015
                       data at $\sqrt s$ = 13 TeV}",
      institution   = "CERN",
      reportNumber  = "ATL-PHYS-PUB-2015-051",
      address       = "Geneva",
      year          = "2015",
      url           = "http://cds.cern.ch/record/2110140",
      note          = "All figures including auxiliary figures are available at
                       https://atlas.web.cern.ch/Atlas/GROUPS/PHYSICS/PUBNOTES/ATL-PHYS-PUB-2015-051",
}

@techreport{CERN-LHCC-2017-021,
      collaboration = "ATLAS",
      title         = "{Technical Design Report for the ATLAS Inner Tracker Pixel
                       Detector}",
      institution   = "CERN",
      reportNumber  = "CERN-LHCC-2017-021, ATLAS-TDR-030",
      address       = "Geneva",
      year          = "2017",
      url           = "https://cds.cern.ch/record/2285585",
      doi           = "10.17181/CERN.FOZZ.ZP3Q",
}

@misc{acts_gsf,
    title         = {ACTS GSF},
    author        = {Benjamin Huth},
    year          = 2023,
    url           = {https://indico.cern.ch/event/1295479/contributions/5616086/attachments/2749087/4784651/slides_v4.pdf}
}
